@article{Abadi.2016,
  abstract = {},
  author   = {Abadi, David and d'Haenens, Leen and Roe, Keith and Koeman, Joyce},
  year     = {2016},
  title    = {Leitkultur and discourse hegemonies: German mainstream media coverage on the integration debate between 2009 and 2014},
  pages    = {557--584},
  volume   = {78},
  number   = {6},
  issn     = {1748-0485},
  journal  = {International Communication Gazette},
  doi      = {10.1177/1748048516640214},
}
